<?xml version="1.0" encoding="UTF-8"?>
<!DOCTYPE html PUBLIC "-//W3C//DTD XHTML 1.0 Transitional//EN"
    "http://www.w3.org/TR/xhtml1/DTD/xhtml1-transitional.dtd">
<html xmlns="http://www.w3.org/1999/xhtml" xml:lang="en" lang="en">
 <head>
  <title>
</title>
<meta http-equiv="Content-Type" content="text/html;charset=utf-8" />
  <meta name='ocr-system' content='tesseract 3.04.00' />
  <meta name='ocr-capabilities' content='ocr_page ocr_carea ocr_par ocr_line ocrx_word'/>
</head>
<body>
  <div class='ocr_page' id='page_1' title='image "./homeriiliasgrae01unkngoog_0009.png"; bbox 0 0 2942 4709; ppageno 0'>
   <div class='ocr_carea' id='block_1_1' title="bbox 213 566 2485 857">
    <p class='ocr_par' dir='ltr' id='par_1_1' title="bbox 213 489 2485 857">
     <span class='ocr_line' id='line_1_1' title="bbox 213 566 2485 857; baseline -0.012 1"><span class='ocrx_word' id='word_1_1' title='bbox 213 566 2485 857; x_wconf 76' lang='lat' dir='ltr'><strong>LECTORI.</strong></span> 
     </span>
    </p>
   </div>
   <div class='ocr_carea' id='block_1_2' title="bbox 194 1105 2536 3323">
    <p class='ocr_par' dir='ltr' id='par_1_2' title="bbox 204 1105 2536 2083">
     <span class='ocr_line' id='line_1_2' title="bbox 513 1105 2485 1206; baseline -0.002 -1"><span class='ocrx_word' id='word_1_2' title='bbox 513 1112 728 1205; x_wconf 87' lang='lat' dir='ltr'>UM</span> <span class='ocrx_word' id='word_1_3' title='bbox 807 1105 1313 1204; x_wconf 88' lang='lat' dir='ltr'>secundum</span> <span class='ocrx_word' id='word_1_4' title='bbox 1376 1105 1628 1205; x_wconf 89' lang='lat' dir='ltr'>hunc</span> <span class='ocrx_word' id='word_1_5' title='bbox 1685 1105 1998 1206; x_wconf 82' lang='lat' dir='ltr'>Iliados</span> <span class='ocrx_word' id='word_1_6' title='bbox 2062 1107 2485 1202; x_wconf 89' lang='lat' dir='ltr'>Tomum</span> 
     </span>
     <span class='ocr_line' id='line_1_3' title="bbox 226 1109 2482 1418; baseline -0.003 -73"><span class='ocrx_word' id='word_1_7' title='bbox 226 1109 496 1418; x_wconf 85' lang='lat' dir='ltr'>C</span> <span class='ocrx_word' id='word_1_8' title='bbox 583 1255 847 1345; x_wconf 85' lang='lat' dir='ltr'>Pater</span> <span class='ocrx_word' id='word_1_9' title='bbox 907 1283 1165 1344; x_wconf 88' lang='lat' dir='ltr'>meus</span> <span class='ocrx_word' id='word_1_10' title='bbox 1249 1245 1892 1381; x_wconf 66' lang='lat' dir='ltr'>imperfec&#39;tum</span> <span class='ocrx_word' id='word_1_11' title='bbox 1973 1244 2482 1377; x_wconf 86' lang='lat' dir='ltr'>reliquerit,</span> 
     </span>
     <span class='ocr_line' id='line_1_4' title="bbox 581 1383 2486 1521; baseline -0.002 -39"><span class='ocrx_word' id='word_1_12' title='bbox 581 1388 853 1486; x_wconf 81' lang='lat' dir='ltr'>libros</span> <span class='ocrx_word' id='word_1_13' title='bbox 894 1395 1109 1487; x_wconf 72' lang='lat' dir='ltr'>vero</span> <span class='ocrx_word' id='word_1_14' title='bbox 1177 1394 1412 1519; x_wconf 72' lang='lat' dir='ltr'>pene</span> <span class='ocrx_word' id='word_1_15' title='bbox 1476 1414 1872 1521; x_wconf 82' lang='lat' dir='ltr'>quatuor</span> <span class='ocrx_word' id='word_1_16' title='bbox 1932 1390 2280 1521; x_wconf 73' lang='lat' dir='ltr'>prorsfis</span> <span class='ocrx_word' id='word_1_17' title='bbox 2320 1383 2486 1479; x_wconf 82' lang='lat' dir='ltr'>ab-</span> 
     </span>
     <span class='ocr_line' id='line_1_5' title="bbox 209 1525 2485 1641; baseline -0 -19"><span class='ocrx_word' id='word_1_18' title='bbox 209 1525 642 1641; x_wconf 64' lang='lat' dir='ltr'>solvisset,</span> <span class='ocrx_word' id='word_1_19' title='bbox 730 1554 987 1625; x_wconf 85' lang='lat' dir='ltr'>notas</span> <span class='ocrx_word' id='word_1_20' title='bbox 1073 1535 1161 1624; x_wconf 71' lang='grc' dir='ltr'>ὅτ</span> <span class='ocrx_word' id='word_1_21' title='bbox 1234 1526 1891 1623; x_wconf 87' lang='lat' dir='ltr'>observationes</span> <span class='ocrx_word' id='word_1_22' title='bbox 1964 1528 2303 1622; x_wconf 87' lang='lat' dir='ltr'>caeteris</span> <span class='ocrx_word' id='word_1_23' title='bbox 2383 1525 2485 1621; x_wconf 88' lang='lat' dir='ltr'>in</span> 
     </span>
     <span class='ocr_line' id='line_1_6' title="bbox 208 1660 2536 1802; baseline -0.001 -41"><span class='ocrx_word' id='word_1_24' title='bbox 208 1666 453 1762; x_wconf 87' lang='lat' dir='ltr'>libris</span> <span class='ocrx_word' id='word_1_25' title='bbox 520 1671 915 1800; x_wconf 85' lang='lat' dir='ltr'>margini</span> <span class='ocrx_word' id='word_1_26' title='bbox 984 1665 1303 1802; x_wconf 86' lang='lat' dir='ltr'><strong>paffim</strong></span> <span class='ocrx_word' id='word_1_27' title='bbox 1368 1663 2006 1800; x_wconf 82' lang='lat' dir='ltr'>adscripfiffet3</span> <span class='ocrx_word' id='word_1_28' title='bbox 2106 1701 2225 1761; x_wconf 90' lang='lat' dir='ltr'>ne</span> <span class='ocrx_word' id='word_1_29' title='bbox 2291 1660 2536 1760; x_wconf 83' lang='lat' dir='ltr'>haec&#39;</span> 
     </span>
     <span class='ocr_line' id='line_1_7' title="bbox 205 1803 2484 1942; baseline 0 -42"><span class='ocrx_word' id='word_1_30' title='bbox 205 1805 863 1904; x_wconf 86' lang='lat' dir='ltr'>interciderent</span> <span class='ocrx_word' id='word_1_31' title='bbox 900 1811 1253 1942; x_wconf 88' lang='lat' dir='ltr'>penitus</span> <span class='ocrx_word' id='word_1_32' title='bbox 1292 1818 1379 1906; x_wconf 69' lang='lat' dir='ltr'>Sc</span> <span class='ocrx_word' id='word_1_33' title='bbox 1426 1812 1849 1939; x_wconf 87' lang='lat' dir='ltr'>perirent,</span> <span class='ocrx_word' id='word_1_34' title='bbox 1915 1804 2269 1938; x_wconf 87' lang='lat' dir='ltr'>reliqua</span> <span class='ocrx_word' id='word_1_35' title='bbox 2312 1803 2484 1901; x_wconf 83' lang='lat' dir='ltr'>ali-</span> 
     </span>
     <span class='ocr_line' id='line_1_8' title="bbox 204 1945 1954 2083; baseline 0.002 -43"><span class='ocrx_word' id='word_1_36' title='bbox 204 1981 396 2077; x_wconf 91' lang='lat' dir='ltr'>quo</span> <span class='ocrx_word' id='word_1_37' title='bbox 463 1946 754 2042; x_wconf 89' lang='lat' dir='ltr'>modo</span> <span class='ocrx_word' id='word_1_38' title='bbox 816 1945 1227 2083; x_wconf 88' lang='lat' dir='ltr'>supplere</span> <span class='ocrx_word' id='word_1_39' title='bbox 1296 1973 1676 2044; x_wconf 82' lang='lat' dir='ltr'>conatus</span> <span class='ocrx_word' id='word_1_40' title='bbox 1729 1946 1954 2043; x_wconf 88' lang='lat' dir='ltr'><strong>sum.</strong></span> 
     </span>
    </p>

    <p class='ocr_par' dir='ltr' id='par_1_3' title="bbox 197 2082 2485 3031">
     <span class='ocr_line' id='line_1_9' title="bbox 348 2082 2482 2220; baseline 0.001 -41"><span class='ocrx_word' id='word_1_41' title='bbox 348 2087 479 2181; x_wconf 78' lang='lat' dir='ltr'>IN</span> <span class='ocrx_word' id='word_1_42' title='bbox 547 2111 723 2183; x_wconf 89' lang='lat' dir='ltr'>tres</span> <span class='ocrx_word' id='word_1_43' title='bbox 763 2089 1103 2220; x_wconf 87' lang='lat' dir='ltr'>priores</span> <span class='ocrx_word' id='word_1_44' title='bbox 1163 2122 1275 2183; x_wconf 79' lang='lat' dir='ltr'>ex</span> <span class='ocrx_word' id='word_1_45' title='bbox 1322 2088 1825 2184; x_wconf 87' lang='lat' dir='ltr'>duodecim</span> <span class='ocrx_word' id='word_1_46' title='bbox 1887 2082 2130 2181; x_wconf 88' lang='lat' dir='ltr'>hisce</span> <span class='ocrx_word' id='word_1_47' title='bbox 2181 2083 2482 2219; x_wconf 89' lang='lat' dir='ltr'>poste-</span> 
     </span>
     <span class='ocr_line' id='line_1_10' title="bbox 202 2225 2485 2361; baseline 0.001 -40"><span class='ocrx_word' id='word_1_48' title='bbox 202 2225 588 2324; x_wconf 89' lang='lat' dir='ltr'>rioribus</span> <span class='ocrx_word' id='word_1_49' title='bbox 668 2225 985 2326; x_wconf 83' lang='lat' dir='ltr'>Iliados</span> <span class='ocrx_word' id='word_1_50' title='bbox 1055 2225 1324 2350; x_wconf 85' lang='lat' dir='ltr'>libris,</span> <span class='ocrx_word' id='word_1_51' title='bbox 1416 2227 1825 2361; x_wconf 84' lang='lat' dir='ltr'>ite&#39;mque</span> <span class='ocrx_word' id='word_1_52' title='bbox 1883 2228 1983 2320; x_wconf 90' lang='lat' dir='ltr'>in</span> <span class='ocrx_word' id='word_1_53' title='bbox 2046 2250 2485 2356; x_wconf 82' lang='lat' dir='ltr'>quartum</span> 
     </span>
     <span class='ocr_line' id='line_1_11' title="bbox 202 2361 2481 2501; baseline 0.001 -40"><span class='ocrx_word' id='word_1_54' title='bbox 202 2364 495 2501; x_wconf 88' lang='lat' dir='ltr'>usque</span> <span class='ocrx_word' id='word_1_55' title='bbox 543 2364 664 2463; x_wconf 87' lang='lat' dir='ltr'>ad</span> <span class='ocrx_word' id='word_1_56' title='bbox 708 2401 889 2464; x_wconf 85' lang='lat' dir='ltr'>ver.</span> <span class='ocrx_word' id='word_1_57' title='bbox 942 2402 1171 2498; x_wconf 86' lang='lat'>359,</span> <span class='ocrx_word' id='word_1_58' title='bbox 1244 2371 1879 2466; x_wconf 78' lang='lat' dir='ltr'>annotationes</span> <span class='ocrx_word' id='word_1_59' title='bbox 1934 2366 2117 2500; x_wconf 91' lang='lat' dir='ltr'>ipse</span> <span class='ocrx_word' id='word_1_60' title='bbox 2185 2361 2481 2499; x_wconf 80' lang='lat' dir='ltr'>perfe-</span> 
     </span>
     <span class='ocr_line' id='line_1_12' title="bbox 200 2503 2479 2636; baseline 0.002 -35"><span class='ocrx_word' id='word_1_61' title='bbox 200 2529 522 2627; x_wconf 85' lang='lat' dir='ltr'>cerat3</span> <span class='ocrx_word' id='word_1_62' title='bbox 637 2506 1058 2609; x_wconf 82' lang='lat' dir='ltr'>Textum</span> <span class='ocrx_word' id='word_1_63' title='bbox 1150 2514 1239 2603; x_wconf 67' lang='lat' dir='ltr'>Sc</span> <span class='ocrx_word' id='word_1_64' title='bbox 1332 2505 1867 2606; x_wconf 86' lang='lat' dir='ltr'>Verfionem</span> <span class='ocrx_word' id='word_1_65' title='bbox 1970 2503 2252 2636; x_wconf 89' lang='lat' dir='ltr'>usque</span> <span class='ocrx_word' id='word_1_66' title='bbox 2357 2505 2479 2605; x_wconf 89' lang='lat' dir='ltr'>ad</span> 
     </span>
     <span class='ocr_line' id='line_1_13' title="bbox 198 2643 2481 2782; baseline 0 -39"><span class='ocrx_word' id='word_1_67' title='bbox 198 2680 384 2743; x_wconf 84' lang='lat' dir='ltr'>ver.</span> <span class='ocrx_word' id='word_1_68' title='bbox 463 2684 509 2774; x_wconf 89' lang='lat'><em>5</em></span> <span class='ocrx_word' id='word_1_69' title='bbox 540 2684 687 2747; x_wconf 90' lang='lat'>10.</span> <span class='ocrx_word' id='word_1_70' title='bbox 787 2644 1194 2782; x_wconf 87' lang='lat' dir='ltr'>ejusdem</span> <span class='ocrx_word' id='word_1_71' title='bbox 1276 2643 1482 2744; x_wconf 90' lang='lat' dir='ltr'>libri</span> <span class='ocrx_word' id='word_1_72' title='bbox 1568 2646 2157 2744; x_wconf 78' lang='lat' dir='ltr'>recensuerat.</span> <span class='ocrx_word' id='word_1_73' title='bbox 2298 2656 2481 2747; x_wconf 87' lang='lat' dir='ltr'>At·-</span> 
     </span>
     <span class='ocr_line' id='line_1_14' title="bbox 200 2781 2480 2920; baseline 0 -39"><span class='ocrx_word' id='word_1_74' title='bbox 200 2819 391 2920; x_wconf 89' lang='lat' dir='ltr'>que</span> <span class='ocrx_word' id='word_1_75' title='bbox 461 2781 653 2882; x_wconf 84' lang='lat' dir='ltr'>haec</span> <span class='ocrx_word' id='word_1_76' title='bbox 718 2820 835 2881; x_wconf 86' lang='lat' dir='ltr'>ex</span> <span class='ocrx_word' id='word_1_77' title='bbox 903 2786 1092 2920; x_wconf 88' lang='lat' dir='ltr'>ejus</span> <span class='ocrx_word' id='word_1_78' title='bbox 1165 2785 1786 2920; x_wconf 82' lang='lat' dir='ltr'>Manuscripto</span> <span class='ocrx_word' id='word_1_79' title='bbox 1865 2819 2194 2918; x_wconf 83' lang='lat' dir='ltr'><strong>quam·</strong></span> <span class='ocrx_word' id='word_1_80' title='bbox 2198 2820 2480 2882; x_wconf 83' lang='lat' dir='ltr'>accu-</span> 
     </span>
     <span class='ocr_line' id='line_1_15' title="bbox 197 2922 969 3031; baseline 0.005 -11"><span class='ocrx_word' id='word_1_81' title='bbox 197 2922 637 3031; x_wconf 81' lang='lat' dir='ltr'>ratiffime</span> <span class='ocrx_word' id='word_1_82' title='bbox 684 2922 969 3024; x_wconf 87' lang='lat' dir='ltr'>edidi.</span> 
     </span>
    </p>

    <p class='ocr_par' dir='ltr' id='par_1_4' title="bbox 194 3062 2481 3323">
     <span class='ocr_line' id='line_1_16' title="bbox 335 3062 2481 3196; baseline 0 -35"><span class='ocrx_word' id='word_1_83' title='bbox 335 3070 853 3177; x_wconf 78' lang='lat' dir='ltr'>REL1QJ1s</span> <span class='ocrx_word' id='word_1_84' title='bbox 922 3069 1020 3162; x_wconf 90' lang='lat' dir='ltr'>in</span> <span class='ocrx_word' id='word_1_85' title='bbox 1084 3064 1326 3164; x_wconf 90' lang='lat' dir='ltr'>libris</span> <span class='ocrx_word' id='word_1_86' title='bbox 1387 3071 1752 3166; x_wconf 58' lang='lat' dir='ltr'>&#39;Ithum</span> <span class='ocrx_word' id='word_1_87' title='bbox 1836 3087 2000 3162; x_wconf 87' lang='lat' dir='ltr'>aut</span> <span class='ocrx_word' id='word_1_88' title='bbox 2071 3062 2481 3196; x_wconf 80' lang='lat' dir='ltr'>Barnesti</span> 
     </span>
     <span class='ocr_line' id='line_1_17' title="bbox 194 3205 2478 3323; baseline 0.001 -24"><span class='ocrx_word' id='word_1_89' title='bbox 194 3230 364 3301; x_wconf 85' lang='lat' dir='ltr'>aut</span> <span class='ocrx_word' id='word_1_90' title='bbox 438 3229 849 3302; x_wconf 89' lang='lat' dir='ltr'>veterum</span> <span class='ocrx_word' id='word_1_91' title='bbox 930 3205 1480 3304; x_wconf 88' lang='lat' dir='ltr'>Editionum</span> <span class='ocrx_word' id='word_1_92' title='bbox 1544 3206 1937 3305; x_wconf 89' lang='lat' dir='ltr'>retinui·</span> <span class='ocrx_word' id='word_1_93' title='bbox 1913 3279 1942 3323; x_wconf 88' lang='grc'>,</span> <span class='ocrx_word' id='word_1_94' title='bbox 2060 3208 2251 3302; x_wconf 81' lang='lat' dir='ltr'>una</span> <span class='ocrx_word' id='word_1_95' title='bbox 2338 3205 2478 3302; x_wconf 86' lang='lat' dir='ltr'>al-</span> 
     </span>
    </p>
   </div>
   <div class='ocr_carea' id='block_1_3' title="bbox 194 3339 2692 3482">
    <p class='ocr_par' dir='ltr' id='par_1_5' title="bbox 194 3339 2692 3482">
     <span class='ocr_line' id='line_1_18' title="bbox 194 3339 2692 3482; baseline 0.002 -43"><span class='ocrx_word' id='word_1_96' title='bbox 194 3339 502 3442; x_wconf 83' lang='lat' dir='ltr'>terave</span> <span class='ocrx_word' id='word_1_97' title='bbox 565 3380 682 3442; x_wconf 82' lang='lat' dir='ltr'>ex</span> <span class='ocrx_word' id='word_1_98' title='bbox 733 3350 977 3444; x_wconf 90' lang='lat' dir='ltr'>notis</span> <span class='ocrx_word' id='word_1_99' title='bbox 1040 3350 1457 3482; x_wconf 88' lang='lat' dir='ltr'>paternis,</span> <span class='ocrx_word' id='word_1_100' title='bbox 1550 3341 1807 3444; x_wconf 83' lang='lat' dir='ltr'>nulla</span> <span class='ocrx_word' id='word_1_101' title='bbox 1860 3343 1979 3443; x_wconf 90' lang='lat' dir='ltr'>de</span> <span class='ocrx_word' id='word_1_102' title='bbox 2042 3379 2258 3443; x_wconf 89' lang='lat' dir='ltr'>meo</span> <span class='ocrx_word' id='word_1_103' title='bbox 2299 3342 2478 3448; x_wconf 82' lang='lat' dir='ltr'>ad-</span> <span class='ocrx_word' id='word_1_104' title='bbox 2529 3390 2536 3397; x_wconf 66' lang='grc'><strong><em>’</em></strong></span> <span class='ocrx_word' id='word_1_105' title='bbox 2682 3360 2692 3370; x_wconf 91' lang='grc'>’</span> 
     </span>
    </p>
   </div>
   <div class='ocr_carea' id='block_1_4' title="bbox 189 3479 2479 4177">
    <p class='ocr_par' dir='ltr' id='par_1_6' title="bbox 198 3479 1133 3584">
     <span class='ocr_line' id='line_1_19' title="bbox 198 3479 1133 3584; baseline 0 -2"><span class='ocrx_word' id='word_1_106' title='bbox 198 3479 490 3583; x_wconf 83' lang='lat' dir='ltr'>hibita</span> <span class='ocrx_word' id='word_1_107' title='bbox 552 3490 1133 3584; x_wconf 63' lang='lat' dir='ltr'>correctione.</span> 
     </span>
    </p>

    <p class='ocr_par' dir='ltr' id='par_1_7' title="bbox 189 3622 2479 4177">
     <span class='ocr_line' id='line_1_20' title="bbox 334 3622 2478 3758; baseline 0.002 -39"><span class='ocrx_word' id='word_1_108' title='bbox 334 3630 967 3725; x_wconf 77' lang='lat' dir='ltr'>VERsloNEM</span> <span class='ocrx_word' id='word_1_109' title='bbox 1041 3624 1496 3724; x_wconf 89' lang='lat' dir='ltr'>Editionis</span> <span class='ocrx_word' id='word_1_110' title='bbox 1580 3622 1721 3726; x_wconf 89' lang='lat' dir='ltr'><em>W</em></span> <span class='ocrx_word' id='word_1_111' title='bbox 1706 3623 2197 3755; x_wconf 71' lang='lat' dir='ltr'>essenianae</span> <span class='ocrx_word' id='word_1_112' title='bbox 2279 3623 2478 3758; x_wconf 87' lang='lat' dir='ltr'>ple-</span> 
     </span>
     <span class='ocr_line' id='line_1_21' title="bbox 191 3764 2478 3897; baseline -0.002 -34"><span class='ocrx_word' id='word_1_113' title='bbox 191 3798 557 3896; x_wconf 87' lang='lat' dir='ltr'>runque</span> <span class='ocrx_word' id='word_1_114' title='bbox 634 3765 990 3864; x_wconf 85' lang='lat' dir='ltr'>secutus</span> <span class='ocrx_word' id='word_1_115' title='bbox 1088 3764 1353 3885; x_wconf 87' lang='lat' dir='ltr'>sum3</span> <span class='ocrx_word' id='word_1_116' title='bbox 1448 3800 1731 3897; x_wconf 88' lang='lat' dir='ltr'>quam</span> <span class='ocrx_word' id='word_1_117' title='bbox 1814 3789 2127 3862; x_wconf 86' lang='lat' dir='ltr'>tamen</span> <span class='ocrx_word' id='word_1_118' title='bbox 2197 3768 2478 3860; x_wconf 89' lang='lat' dir='ltr'>inter-</span> 
     </span>
     <span class='ocr_line' id='line_1_22' title="bbox 189 3840 2478 4039; baseline 0 -38"><span class='ocrx_word' id='word_1_119' title='bbox 189 3904 433 4001; x_wconf 87' lang='lat' dir='ltr'>dum</span> <span class='ocrx_word' id='word_1_120' title='bbox 497 3906 657 4004; x_wconf 86' lang='lat' dir='ltr'>ubi</span> <span class='ocrx_word' id='word_1_121' title='bbox 717 3905 908 4039; x_wconf 83' lang='lat' dir='ltr'>ipsa</span> <span class='ocrx_word' id='word_1_122' title='bbox 969 3840 1411 4004; x_wconf 83' lang='lat' dir='ltr'>sententia.</span> <span class='ocrx_word' id='word_1_123' title='bbox 1473 3906 1903 4038; x_wconf 81' lang='lat' dir='ltr'>exegerit,</span> <span class='ocrx_word' id='word_1_124' title='bbox 1997 3903 2478 4002; x_wconf 88' lang='lat' dir='ltr'>interdum</span> 
     </span>
     <span class='ocr_line' id='line_1_23' title="bbox 189 4040 2479 4177; baseline -0 -35"><span class='ocrx_word' id='word_1_125' title='bbox 189 4040 356 4142; x_wconf 90' lang='lat' dir='ltr'>ubi</span> <span class='ocrx_word' id='word_1_126' title='bbox 433 4046 769 4177; x_wconf 86' lang='lat' dir='ltr'>priores</span> <span class='ocrx_word' id='word_1_127' title='bbox 847 4048 1136 4148; x_wconf 87' lang='lat' dir='ltr'>Patris</span> <span class='ocrx_word' id='word_1_128' title='bbox 1210 4043 1900 4147; x_wconf 87' lang='lat' dir='ltr'>emendationes</span> <span class='ocrx_word' id='word_1_129' title='bbox 1958 4044 2479 4145; x_wconf 83' lang='lat' dir='ltr'>admonue-</span> 
     </span>
    </p>
   </div>
   <div class='ocr_carea' id='block_1_5' title="bbox 188 4182 2476 4460">
    <p class='ocr_par' dir='ltr' id='par_1_8' title="bbox 188 4182 2476 4460">
     <span class='ocr_line' id='line_1_24' title="bbox 188 4182 989 4303; baseline 0.007 -18"><span class='ocrx_word' id='word_1_130' title='bbox 188 4183 402 4303; x_wconf 86' lang='lat' dir='ltr'>rint,</span> <span class='ocrx_word' id='word_1_131' title='bbox 474 4182 989 4292; x_wconf 84' lang='lat' dir='ltr'>emendavi.</span> 
     </span>
     <span class='ocr_line' id='line_1_25' title="bbox 1380 4324 2476 4460; baseline -0.004 -36"><span class='ocrx_word' id='word_1_132' title='bbox 1380 4330 1472 4424; x_wconf 86' lang='lat' dir='ltr'>A</span> <span class='ocrx_word' id='word_1_133' title='bbox 1537 4359 1590 4428; x_wconf 84' lang='lat'>2</span> <span class='ocrx_word' id='word_1_134' title='bbox 2027 4455 2031 4460; x_wconf 7' lang='grc' dir='ltr'><strong><em>ἢ</em></strong></span> <span class='ocrx_word' id='word_1_135' title='bbox 2079 4324 2476 4427; x_wconf 81' lang='lat' dir='ltr'>Annota-</span> 
     </span>
    </p>
   </div>
  </div>
 </body>
</html>
